<?xml version="1.0" encoding="UTF-8"?><collection xmlns="http://www.loc.gov/MARC21/slim"><record><leader>00564nam--2200193-u-4500</leader><controlfield tag="001">000056003</controlfield><controlfield tag="002">20161230</controlfield><controlfield tag="005">20161230201052</controlfield><controlfield tag="008">141110s1000------------r-----000-0-rum-d</controlfield><datafield ind1=" " ind2=" " tag="020"><subfield code="a">9789737087645</subfield></datafield><datafield ind1=" " ind2=" " tag="040"><subfield code="a">IFIN-HH</subfield></datafield><datafield ind1=" " ind2=" " tag="041"><subfield code="a">rum</subfield></datafield><datafield ind1=" " ind2=" " tag="080"><subfield code="a">577</subfield></datafield><datafield ind1="1" ind2=" " tag="100"><subfield code="a">Baran, Irina</subfield></datafield><datafield ind1="1" ind2="0" tag="245"><subfield code="a">Proliferare celulara versus apoptoza. mecanisme si particularitati in conditii de stres genotoxic sau oxidativ</subfield><subfield code="c">Irina baran</subfield></datafield><datafield ind1=" " ind2=" " tag="260"><subfield code="a">Bucuresti</subfield><subfield code="b">Editura Universitara Carol Davila</subfield><subfield code="c">2014</subfield></datafield><datafield ind1=" " ind2=" " tag="300"><subfield code="a">154P</subfield></datafield><datafield ind1=" " ind2=" " tag="852"><subfield code="a">82381</subfield><subfield code="c">61</subfield></datafield><datafield ind1=" " ind2=" " tag="CAT"><subfield code="a">Sys</subfield><subfield code="c">20141114</subfield><subfield code="h">112923</subfield></datafield></record></collection>